<record><leader>02344cam a2200409Mi 45 0</leader><controlfield tag="001">6776210</controlfield><controlfield tag="003">OCoLC</controlfield><controlfield tag="005">20150114130251.0</controlfield><controlfield tag="008">140923s2015    gw a   e      001 0 eng  </controlfield><datafield ind1=" " ind2=" " tag="010"><subfield code="a">2014946798</subfield></datafield><datafield ind1=" " ind2=" " tag="020"><subfield code="a">9783642543753 (paperback)</subfield></datafield><datafield ind1=" " ind2=" " tag="020"><subfield code="a">3642543758 (paperback)</subfield></datafield><datafield ind1=" " ind2=" " tag="040"><subfield code="a">AU@</subfield><subfield code="b">eng</subfield><subfield code="c">AU@</subfield><subfield code="e">rda</subfield><subfield code="d">OCLCO</subfield><subfield code="d">AEGMCT</subfield></datafield><datafield ind1=" " ind2="4" tag="050"><subfield code="a">TS155</subfield><subfield code="b">.I566 2015</subfield></datafield><datafield ind1="0" ind2="4" tag="082"><subfield code="a">658.5/14</subfield><subfield code="2">23</subfield></datafield><datafield ind1=" " ind2=" " tag="090"><subfield code="a">TS155 .G38 2015</subfield><subfield code="b">AEGMCT</subfield></datafield><datafield ind1="1" ind2=" " tag="100"><subfield code="a">Gaubinger, Kurt,</subfield><subfield code="e">author.</subfield></datafield><datafield ind1="1" ind2="0" tag="245"><subfield code="a">Innovation and product management :</subfield><subfield code="b">a holistic and practical approach to uncertainty reduction /</subfield><subfield code="c">Kurt Gaubinger, Michael Rabl, Scott Swan, Thomas Werani.</subfield></datafield><datafield ind1=" " ind2="1" tag="264"><subfield code="a">Heidelberg</subfield><subfield code="b">Springer,</subfield><subfield code="c">[2015]</subfield></datafield><datafield ind1=" " ind2="4" tag="264"><subfield code="c">&#169;2015.</subfield></datafield><datafield ind1=" " ind2=" " tag="300"><subfield code="a">xvi, 327 pages :</subfield><subfield code="b">illustrations ;</subfield><subfield code="c">24 cm.</subfield></datafield><datafield ind1=" " ind2=" " tag="336"><subfield code="a">text</subfield><subfield code="b">txt</subfield><subfield code="2">rdacontent</subfield></datafield><datafield ind1=" " ind2=" " tag="336"><subfield code="a">still image</subfield><subfield code="b">sti</subfield><subfield code="2">rdacontent</subfield></datafield><datafield ind1=" " ind2=" " tag="337"><subfield code="a">unmediated</subfield><subfield code="b">n</subfield><subfield code="2">rdamedia</subfield></datafield><datafield ind1=" " ind2=" " tag="338"><subfield code="a">volume</subfield><subfield code="b">nc</subfield><subfield code="2">rdacarrier</subfield></datafield><datafield ind1="1" ind2=" " tag="490"><subfield code="a">Springer texts in business and economics,</subfield><subfield code="x">2192-4333.</subfield></datafield><datafield ind1=" " ind2=" " tag="504"><subfield code="a">Includes bibliographical references and index.</subfield></datafield><datafield ind1=" " ind2=" " tag="520"><subfield code="a">Marketplace complexity and dynamics create an environment that increases the uncertainty of innovation activities. In this context systematic management of innovation and product management are increasingly important for company success. This book presents the fundamentals of innovation and product management and introduces the reader to a holistic process model with particular focus on innovation and uncertainty. This integrated consideration of innovation management and product innovation within an interdisciplinary approach represents a unique characteristic of this book. The book is designed to address the needs of managers who want a practical but well-researched guide to innovation and product management. Graduate and advanced undergraduate students would also find the chapters in this book particularly useful.</subfield></datafield><datafield ind1=" " ind2="0" tag="650"><subfield code="a">Production management.</subfield></datafield><datafield ind1=" " ind2="0" tag="650"><subfield code="a">Product management.</subfield></datafield><datafield ind1=" " ind2="0" tag="650"><subfield code="a">Manufactures</subfield><subfield code="x">Technological innovations.</subfield></datafield><datafield ind1="1" ind2=" " tag="700"><subfield code="a">Rabl, Michael,</subfield><subfield code="e">author.</subfield></datafield><datafield ind1="1" ind2=" " tag="700"><subfield code="a">Swan, Scott,</subfield><subfield code="e">author.</subfield></datafield><datafield ind1="1" ind2=" " tag="700"><subfield code="a">Werani, Thomas,</subfield><subfield code="e">author.</subfield></datafield><datafield ind1=" " ind2="0" tag="830"><subfield code="a">Springer texts in business and economics.</subfield><subfield code="x">2192-4333</subfield></datafield><datafield ind1=" " ind2=" " tag="596"><subfield code="a">29</subfield></datafield><datafield ind1=" " ind2=" " tag="926"><subfield code="a">TS155 .G38 2015</subfield><subfield code="w">LC</subfield><subfield code="c">1</subfield><subfield code="i">1007400193</subfield><subfield code="d">1/20/2015</subfield><subfield code="l">ON_SHELF</subfield><subfield code="m">GR_MACEWAN</subfield><subfield code="p">$115.64</subfield><subfield code="r">Y</subfield><subfield code="s">Y</subfield><subfield code="t">BOOK</subfield><subfield code="u">1/14/2015</subfield></datafield></record>